% Encoding: UTF-8

@Article{Goodfellow:2014td,
  author  = {Goodfellow, Ian J and Pouget-Abadie, Jean and Mirza, Mehdi and Xu, Bing and Warde-Farley, David and Ozair, Sherjil and Courville, Aaron C and Bengio, Yoshua},
  title   = {{Generative Adversarial Nets.}},
  journal = {NIPS},
  year    = {2014},
}

@Article{Allen:1987td,
  author  = {Allen, Jonathan; Hunnicutt, M. Sharon; Klatt, Dennis},
  title   = {{From Text to Speech: The MITalk system.}},
  journal = {Cambirdge University Press},
  year    = {1987},
}

@Article{Jont:1977td,
  author  = {Jont B. Allen},
  title   = {{Short Time Spectral Analysis, Synthesis, and Modification by Discrete Fourier Transform.}},
  journal = {IEEE Transactions on Acoustics, Speech, and Signal Processing},
  year    = {1977},
}

@Article{Mermelstein;1976td,
  author  = {P.Mermelstein},
  title   = {{Distance measures for speech recognition, psychological and instrumental.}},
  journal = {Pattern Recognition and Artificial Intelligence},
  year    = {1976},
}

@Article{Vallabhu:2012td,
  author  = {H Vallabhu, RV satyanarayana},
  title   = {{Biometric authentication as a service on cloud: Novel solution.}},
  journal = {International Journal of Soft Computing and Enginerring},
  year    = {2012},
}

@Article{Deng:2010td,
  author  = {L.Deng, M.Seltzer, D.Yu, A.Acero, A.mohamed, G.Hinton},
  title   = {{Binary Coding of Speech Spectrograms Using a Deep Auto-encoder}},
  journal = {International Symposium on Computer Architecture},
  year    = {2010},
}

@Article{Lior:2015td,
  author  = {Lior Uzan, Lior Wolf},
  title   = {{I Know That Voice: Identifying the Voice Actor Behind the Voice}},
  journal = {IEEE International Conference on Biometrics},
  year    = {2015},
}

@Article{Ossama:2014td,
  author  = {Ossama Abdel-Hamid, Abdel-rahman Mohamed, Hui Jiang, Li Deng, Gerald Penn, and Dong Yu},
  title   = {{Convolutional Neural Networks, for Speech Recognition}},
  journal = {IEEE Transactions on Audio, Speech, and Language Processing},
  year    = {2014},
}

@Article{Taeksoo:2017td,
  author  = {Taeksoo Kim, Moonsu Cha, Hyunsoo Kim, Jung Kwon Lee, Jiwon Kim},
  title   = {{Learning to Discover Cross-Domain Relations with Generative Adversarial Networks}},
  year    = {2017},
}

@Article{Sercan:2017td,
  author  = {Sercan O. Arik, Mike Chranowski, Adam Coates, Gregory Diamos, Andrew Gibiansky},
  title   = {{Deep Voice: Real-time Neural Text-to-Speech}},
  year    = {2017},
}

@Article {Siri:2017td,
  author  = {Siri Team},
  title   = {{Deep Learning for Siri's Voice: On-device Deep Mixture Density Networks for Hybrid Unit Selection Synthesis}},
  year    = {2017},
}

@Article {Kaiming:2015td,
  author  = {Kaiming He, Xiangyu Zhang, Shaoqing Ren, Jian Sun},
  title   = {{Delving Deep into Rectifiers:
Surpassing Human-Level Performance on ImageNet Classification}},
  year    = {2015},
}

@Article {Lifa:2016td,
  author  = {Lifa Sun, Kun Li, Hao Wang, Shiyin Kang, Helen Meng},
  title   = {{Phonetic posteriorgrams for many-to-one voice conversion without parallel data training}},
  year    = {2016},
}

@Article {Yuxuan:2017td,
  author  = {Yuxuan Wang, RJ Skerry-Ryan, Daisy Stanton, Yonghui Wu, Ron J. Weiss, Navdeep Jaitly},
  title   = {{Tacotron: Towards End-to-End Speech Synthesis}},
  year    = {2017},
}

@Article {Aaron:2016td,
  author  = {Aaron van den Oord, Sander Dieleman, Heiga Zen, Karen Simonyan, Oriol Vinyals},
  title   = {{Wavenet : A Generative Model for Raw Audio}},
  year    = {2016}
}

@Article {Alec:2016td,
  author  = {Alec Radford, Luke Metz, Soumith Chintala},
  title   = {{Unsupervised Representation Learning with Deep Convolutional Generative Adversarial Networks}},
  journal = {International Conference on Learning Representations},
  year    = {2016},
}

@Article {Chris:2017td,
  author  = {Chris Donahue, Zachary C. Lipton, Julian McAuley},
  title   = {{Dance Dance Convolution}},
  year    = {2017},
}

@Article {Elias:2016td,
  author  = {Elias Sprengel, Martin Jaggi, Yannic Kilcher, and Thomas Hofmann},
  title   = {{Audio Based Bird Species Identification using Deep Learning Techniques}},
  year    = {2016},
}

@Article {Lonce:2017td,
  author  = {Lonce Wyse},
  title   = {{Audio Spectrogram Representations for Processing with Convolutional Neural Networks}},
  year    = {2016},
}

@Article {Daniel:1984td,
  author  = {Daniel W. Griffin Jae S. LIM},
  title   = {{Signal Estimation from Modified Short-Time Fourier Transform}},
  journal = {IEEE Transactions on Acoustics, Speech, and Signal Processing},
  year    = {1984},
}

@Article {Praat:2017td,
  author  = {Paul Boersma and David Weenink},
  title   = {{Praat: doing phonetics by computer}},
  year    = {2017}
}

@Article {Librosa:2015td,
  author  = {McFee, Brian and Raffel, Colin and Liang, Dawen ane Ellis, Daniel PW and McVicar, Matt and Battenberg, Eric and Nieto, Oriol},
  title   = {{librosa: Audio and Music Signal Analysis in Python}},
  booktitle = {Proceedings of the 14th python in science conference},
  pages={18--25},
  year={2015},
}

@Article {Numpy:2001td,
  author  = {Eric Jones and Travis Oliphant and Pearu Peterson and others},
  title   = {{Scipy: Open source scientific tools for Python}},
  year    = {2001},
  url     = {"http://www.scipy.org/"},
  note    = {[Online; accessed <today>]},
}



@Article {SLR:2015td,
  author  = {Vassil Panayotov, Guoguo Chen, Daniel Povey and Sanjeev Khudanpur},
  title   = {{LibriSpeech: an ASR corpus based on public domain audio books}},
  journal = {ICASSP},
  year    = {2015}
}
 
@Comment{jabref-meta: databaseType:bibtex;}
